<?xml version="1.0" encoding="UTF-8"?>
<!DOCTYPE html PUBLIC "-//W3C//DTD XHTML 1.0 Transitional//EN"
    "http://www.w3.org/TR/xhtml1/DTD/xhtml1-transitional.dtd">
<html xmlns="http://www.w3.org/1999/xhtml" xml:lang="en" lang="en">
 <head>
  <title>
</title>
<meta http-equiv="Content-Type" content="text/html;charset=utf-8" />
  <meta name='ocr-system' content='tesseract 3.04.00' />
  <meta name='ocr-capabilities' content='ocr_page ocr_carea ocr_par ocr_line ocrx_word'/>
</head>
<body>
  <div class='ocr_page' id='page_1' title='image "./thesauruslitera01pritgoog/thesauruslitera01pritgoog_0584.png"; bbox 0 0 5144 6146; ppageno 0'>
   <div class='ocr_carea' id='block_1_1' title="bbox 1004 1545 1376 1663">
    <p class='ocr_par' dir='ltr' id='par_1_1' title="bbox 1004 1545 1376 1663">
     <span class='ocr_line' id='line_1_1' title="bbox 1004 1545 1376 1663; baseline -0.016 0"><span class='ocrx_word' id='word_1_1' title='bbox 1004 1545 1376 1663; x_wconf 80' lang='lat' dir='ltr'>llPILOGUS.</span> 
     </span>
    </p>
   </div>
   <div class='ocr_carea' id='block_1_2' title="bbox 1124 1793 1278 1806">
    <p class='ocr_par' dir='ltr' id='par_1_2' title="bbox 1124 1793 1278 1806">
     <span class='ocr_line' id='line_1_2' title="bbox 1124 1793 1278 1806; baseline -0.013 0"><span class='ocrx_word' id='word_1_2' title='bbox 1124 1793 1278 1806; x_wconf 52' lang='lat' dir='ltr'>ss—n-</span> 
     </span>
    </p>
   </div>
   <div class='ocr_carea' id='block_1_3' title="bbox 139 1945 2240 3750">
    <p class='ocr_par' dir='ltr' id='par_1_3' title="bbox 139 1945 2240 3750">
     <span class='ocr_line' id='line_1_3' title="bbox 265 1945 2236 2066; baseline 0 -22"><span class='ocrx_word' id='word_1_3' title='bbox 265 1945 364 2046; x_wconf 85' lang='lat' dir='ltr'>Libri</span> <span class='ocrx_word' id='word_1_4' title='bbox 391 1968 534 2064; x_wconf 85' lang='lat' dir='ltr'>ingentis</span> <span class='ocrx_word' id='word_1_5' title='bbox 562 1985 680 2047; x_wconf 82' lang='lat' dir='ltr'><strong>auctor</strong></span> <span class='ocrx_word' id='word_1_6' title='bbox 708 1982 903 2066; x_wconf 81' lang='lat' dir='ltr'>Georgius</span> <span class='ocrx_word' id='word_1_7' title='bbox 931 1981 1079 2048; x_wconf 87' lang='lat' dir='ltr'>Pritzel</span> <span class='ocrx_word' id='word_1_8' title='bbox 1111 1981 1350 2061; x_wconf 78' lang='lat' dir='ltr'>BeroHnensis,</span> <span class='ocrx_word' id='word_1_9' title='bbox 1379 1977 1569 2046; x_wconf 74' lang='lat' dir='ltr'>academiae</span> <span class='ocrx_word' id='word_1_10' title='bbox 1599 1979 1711 2062; x_wconf 81' lang='lat' dir='ltr'>regiae</span> <span class='ocrx_word' id='word_1_11' title='bbox 1740 1980 1952 2048; x_wconf 74' lang='lat' dir='ltr'>scientiarum</span> <span class='ocrx_word' id='word_1_12' title='bbox 1979 1980 2170 2047; x_wconf 82' lang='lat' dir='ltr'>archivarus</span> <span class='ocrx_word' id='word_1_13' title='bbox 2202 1985 2236 2046; x_wconf 90' lang='lat' dir='ltr'>et</span> 
     </span>
     <span class='ocr_line' id='line_1_4' title="bbox 142 2098 2236 2186; baseline -0.001 -18"><span class='ocrx_word' id='word_1_14' title='bbox 142 2101 369 2168; x_wconf 70' lang='lat' dir='ltr'>bibliothecae</span> <span class='ocrx_word' id='word_1_15' title='bbox 391 2100 504 2184; x_wconf 78' lang='lat' dir='ltr'>regiae</span> <span class='ocrx_word' id='word_1_16' title='bbox 528 2105 652 2182; x_wconf 90' lang='lat' dir='ltr'>custos,</span> <span class='ocrx_word' id='word_1_17' title='bbox 675 2107 774 2168; x_wconf 87' lang='lat' dir='ltr'>natus</span> <span class='ocrx_word' id='word_1_18' title='bbox 801 2101 833 2168; x_wconf 89' lang='lat' dir='ltr'>d.</span> <span class='ocrx_word' id='word_1_19' title='bbox 850 2102 884 2169; x_wconf 95' lang='lat' dir='ltr'>II</span> <span class='ocrx_word' id='word_1_20' title='bbox 905 2123 948 2167; x_wconf 94' lang='lat' dir='ltr'>m.</span> <span class='ocrx_word' id='word_1_21' title='bbox 965 2101 1054 2186; x_wconf 88' lang='lat' dir='ltr'>Sept.</span> <span class='ocrx_word' id='word_1_22' title='bbox 1077 2121 1108 2167; x_wconf 84' lang='lat' dir='ltr'>a</span> <span class='ocrx_word' id='word_1_23' title='bbox 1132 2098 1366 2181; x_wconf 82' lang='lat' dir='ltr'>MDCOGXVI,</span> <span class='ocrx_word' id='word_1_24' title='bbox 1390 2121 1464 2167; x_wconf 92' lang='lat' dir='ltr'>cum</span> <span class='ocrx_word' id='word_1_25' title='bbox 1485 2121 1546 2185; x_wconf 89' lang='lat' dir='ltr'>per</span> <span class='ocrx_word' id='word_1_26' title='bbox 1567 2099 1752 2184; x_wconf 81' lang='lat' dir='ltr'>complures</span> <span class='ocrx_word' id='word_1_27' title='bbox 1773 2122 1878 2169; x_wconf 89' lang='lat' dir='ltr'>annos</span> <span class='ocrx_word' id='word_1_28' title='bbox 1905 2101 2099 2186; x_wconf 81' lang='lat' dir='ltr'>gravissimo</span> <span class='ocrx_word' id='word_1_29' title='bbox 2121 2102 2236 2186; x_wconf 88' lang='lat' dir='ltr'>spinae</span> 
     </span>
     <span class='ocr_line' id='line_1_5' title="bbox 147 2219 2236 2307; baseline -0.001 -19"><span class='ocrx_word' id='word_1_30' title='bbox 147 2222 344 2288; x_wconf 86' lang='lat' dir='ltr'>medullaris</span> <span class='ocrx_word' id='word_1_31' title='bbox 375 2220 493 2289; x_wconf 92' lang='lat' dir='ltr'>morbo</span> <span class='ocrx_word' id='word_1_32' title='bbox 526 2226 665 2287; x_wconf 80' lang='lat' dir='ltr'>rexatus</span> <span class='ocrx_word' id='word_1_33' title='bbox 698 2228 798 2302; x_wconf 84' lang='lat' dir='ltr'>esset,</span> <span class='ocrx_word' id='word_1_34' title='bbox 837 2223 869 2289; x_wconf 91' lang='lat' dir='ltr'>d.</span> <span class='ocrx_word' id='word_1_35' title='bbox 896 2223 972 2290; x_wconf 86' lang='lat' dir='ltr'>XIV</span> <span class='ocrx_word' id='word_1_36' title='bbox 999 2244 1042 2288; x_wconf 90' lang='lat' dir='ltr'>m.</span> <span class='ocrx_word' id='word_1_37' title='bbox 1070 2222 1145 2288; x_wconf 88' lang='lat' dir='ltr'>Jun.</span> <span class='ocrx_word' id='word_1_38' title='bbox 1172 2244 1202 2288; x_wconf 91' lang='lat' dir='ltr'>a.</span> <span class='ocrx_word' id='word_1_39' title='bbox 1230 2219 1505 2288; x_wconf 83' lang='lat' dir='ltr'>MDGOCLXXIV</span> <span class='ocrx_word' id='word_1_40' title='bbox 1539 2219 1648 2286; x_wconf 90' lang='lat' dir='ltr'>medio</span> <span class='ocrx_word' id='word_1_41' title='bbox 1683 2241 1723 2286; x_wconf 85' lang='lat' dir='ltr'>ex</span> <span class='ocrx_word' id='word_1_42' title='bbox 1757 2243 1856 2306; x_wconf 88' lang='lat' dir='ltr'>opere</span> <span class='ocrx_word' id='word_1_43' title='bbox 1888 2223 1985 2290; x_wconf 90' lang='lat' dir='ltr'>nobis</span> <span class='ocrx_word' id='word_1_44' title='bbox 2018 2227 2150 2307; x_wconf 89' lang='lat' dir='ltr'>ereptus</span> <span class='ocrx_word' id='word_1_45' title='bbox 2178 2228 2236 2286; x_wconf 88' lang='lat' dir='ltr'>est.</span> 
     </span>
     <span class='ocr_line' id='line_1_6' title="bbox 144 2340 2237 2429; baseline -0.002 -19"><span class='ocrx_word' id='word_1_46' title='bbox 144 2345 267 2428; x_wconf 87' lang='lat' dir='ltr'>Itaque</span> <span class='ocrx_word' id='word_1_47' title='bbox 300 2342 446 2426; x_wconf 88' lang='lat' dir='ltr'>priorem</span> <span class='ocrx_word' id='word_1_48' title='bbox 478 2341 557 2408; x_wconf 90' lang='lat' dir='ltr'>libri</span> <span class='ocrx_word' id='word_1_49' title='bbox 590 2347 721 2426; x_wconf 90' lang='lat' dir='ltr'>partem</span> <span class='ocrx_word' id='word_1_50' title='bbox 754 2345 826 2427; x_wconf 90' lang='lat' dir='ltr'>ipse</span> <span class='ocrx_word' id='word_1_51' title='bbox 858 2343 1110 2428; x_wconf 85' lang='lat' dir='ltr'>imprimendam</span> <span class='ocrx_word' id='word_1_52' title='bbox 1143 2343 1284 2422; x_wconf 81' lang='lat' dir='ltr'>curavit,</span> <span class='ocrx_word' id='word_1_53' title='bbox 1318 2341 1458 2408; x_wconf 88' lang='lat' dir='ltr'>alteram</span> <span class='ocrx_word' id='word_1_54' title='bbox 1489 2340 1711 2408; x_wconf 89' lang='lat' dir='ltr'>inordinatam</span> <span class='ocrx_word' id='word_1_55' title='bbox 1746 2347 1780 2409; x_wconf 90' lang='lat' dir='ltr'>et</span> <span class='ocrx_word' id='word_1_56' title='bbox 1812 2345 2065 2429; x_wconf 87' lang='lat' dir='ltr'>incompositam</span> <span class='ocrx_word' id='word_1_57' title='bbox 2091 2342 2237 2427; x_wconf 90' lang='lat' dir='ltr'>reliquit.</span> 
     </span>
     <span class='ocr_line' id='line_1_7' title="bbox 144 2460 2238 2550; baseline 0 -22"><span class='ocrx_word' id='word_1_58' title='bbox 144 2465 258 2542; x_wconf 86' lang='lat' dir='ltr'>Quare</span> <span class='ocrx_word' id='word_1_59' title='bbox 280 2463 343 2530; x_wconf 84' lang='lat' dir='ltr'>viri</span> <span class='ocrx_word' id='word_1_60' title='bbox 364 2460 553 2527; x_wconf 85' lang='lat' dir='ltr'>amicissimi</span> <span class='ocrx_word' id='word_1_61' title='bbox 576 2482 657 2546; x_wconf 92' lang='lat' dir='ltr'>opus</span> <span class='ocrx_word' id='word_1_62' title='bbox 680 2481 740 2545; x_wconf 86' lang='lat' dir='ltr'>ego</span> <span class='ocrx_word' id='word_1_63' title='bbox 763 2461 1001 2530; x_wconf 80' lang='lat' dir='ltr'>absolvendum</span> <span class='ocrx_word' id='word_1_64' title='bbox 1023 2464 1165 2548; x_wconf 83' lang='lat' dir='ltr'>suscepi,</span> <span class='ocrx_word' id='word_1_65' title='bbox 1189 2464 1247 2550; x_wconf 90' lang='lat' dir='ltr'>qui</span> <span class='ocrx_word' id='word_1_66' title='bbox 1266 2463 1337 2549; x_wconf 90' lang='lat' dir='ltr'>jam</span> <span class='ocrx_word' id='word_1_67' title='bbox 1359 2461 1438 2529; x_wconf 91' lang='lat' dir='ltr'>olim</span> <span class='ocrx_word' id='word_1_68' title='bbox 1460 2462 1503 2529; x_wconf 91' lang='lat' dir='ltr'>ad</span> <span class='ocrx_word' id='word_1_69' title='bbox 1525 2462 1664 2530; x_wconf 90' lang='lat' dir='ltr'>alteram</span> <span class='ocrx_word' id='word_1_70' title='bbox 1686 2460 1766 2528; x_wconf 90' lang='lat' dir='ltr'>libri</span> <span class='ocrx_word' id='word_1_71' title='bbox 1788 2468 1918 2548; x_wconf 88' lang='lat' dir='ltr'>partem</span> <span class='ocrx_word' id='word_1_72' title='bbox 1940 2462 2101 2529; x_wconf 90' lang='lat' dir='ltr'>nonnulla</span> <span class='ocrx_word' id='word_1_73' title='bbox 2123 2468 2238 2530; x_wconf 90' lang='lat' dir='ltr'>eontu-</span> 
     </span>
     <span class='ocr_line' id='line_1_8' title="bbox 143 2581 2238 2669; baseline -0.001 -19"><span class='ocrx_word' id='word_1_74' title='bbox 143 2585 244 2651; x_wconf 89' lang='lat' dir='ltr'>lerim</span> <span class='ocrx_word' id='word_1_75' title='bbox 272 2604 380 2668; x_wconf 89' lang='lat' dir='ltr'>neque</span> <span class='ocrx_word' id='word_1_76' title='bbox 407 2603 429 2648; x_wconf 90' lang='lat' dir='ltr'>a</span> <span class='ocrx_word' id='word_1_77' title='bbox 455 2601 561 2648; x_wconf 86' lang='lat' dir='ltr'>novae</span> <span class='ocrx_word' id='word_1_78' title='bbox 591 2581 691 2669; x_wconf 88' lang='lat' dir='ltr'>hujus</span> <span class='ocrx_word' id='word_1_79' title='bbox 719 2581 875 2650; x_wconf 90' lang='lat' dir='ltr'>editionis</span> <span class='ocrx_word' id='word_1_80' title='bbox 903 2583 1040 2650; x_wconf 89' lang='lat' dir='ltr'>consilio</span> <span class='ocrx_word' id='word_1_81' title='bbox 1071 2604 1111 2649; x_wconf 90' lang='lat' dir='ltr'>ac</span> <span class='ocrx_word' id='word_1_82' title='bbox 1140 2585 1269 2651; x_wconf 91' lang='lat' dir='ltr'>ratione</span> <span class='ocrx_word' id='word_1_83' title='bbox 1295 2583 1424 2652; x_wconf 78' lang='lat' dir='ltr'>ebenus</span> <span class='ocrx_word' id='word_1_84' title='bbox 1451 2583 1580 2649; x_wconf 86' lang='lat' dir='ltr'>fuerim.</span> <span class='ocrx_word' id='word_1_85' title='bbox 1626 2583 1734 2667; x_wconf 81' lang='lat' dir='ltr'>Atque</span> <span class='ocrx_word' id='word_1_86' title='bbox 1761 2584 1906 2669; x_wconf 88' lang='lat' dir='ltr'>capitum</span> <span class='ocrx_word' id='word_1_87' title='bbox 1933 2605 2104 2650; x_wconf 89' lang='lat' dir='ltr'>numerum</span> <span class='ocrx_word' id='word_1_88' title='bbox 2131 2585 2238 2649; x_wconf 90' lang='lat' dir='ltr'>immi·</span> 
     </span>
     <span class='ocr_line' id='line_1_9' title="bbox 143 2701 2238 2790; baseline -0.001 -20"><span class='ocrx_word' id='word_1_89' title='bbox 143 2704 315 2771; x_wconf 87' lang='lat' dir='ltr'>nuendum</span> <span class='ocrx_word' id='word_1_90' title='bbox 337 2723 408 2769; x_wconf 90' lang='lat' dir='ltr'>esse</span> <span class='ocrx_word' id='word_1_91' title='bbox 435 2701 562 2786; x_wconf 89' lang='lat' dir='ltr'>pridem</span> <span class='ocrx_word' id='word_1_92' title='bbox 585 2701 791 2769; x_wconf 90' lang='lat' dir='ltr'>intellectum</span> <span class='ocrx_word' id='word_1_93' title='bbox 813 2708 873 2770; x_wconf 90' lang='lat' dir='ltr'>est.</span> <span class='ocrx_word' id='word_1_94' title='bbox 925 2703 1020 2783; x_wconf 88' lang='lat' dir='ltr'>Quod</span> <span class='ocrx_word' id='word_1_95' title='bbox 1048 2724 1191 2790; x_wconf 89' lang='lat' dir='ltr'>quanam</span> <span class='ocrx_word' id='word_1_96' title='bbox 1213 2703 1343 2772; x_wconf 88' lang='lat' dir='ltr'>ratione</span> <span class='ocrx_word' id='word_1_97' title='bbox 1365 2703 1609 2789; x_wconf 82' lang='lat' dir='ltr'>exsequendum</span> <span class='ocrx_word' id='word_1_98' title='bbox 1632 2723 1703 2770; x_wconf 91' lang='lat' dir='ltr'>esse</span> <span class='ocrx_word' id='word_1_99' title='bbox 1723 2708 1872 2787; x_wconf 88' lang='lat' dir='ltr'>putaret,</span> <span class='ocrx_word' id='word_1_100' title='bbox 1894 2703 2069 2770; x_wconf 89' lang='lat' dir='ltr'>Pritzelius</span> <span class='ocrx_word' id='word_1_101' title='bbox 2090 2704 2238 2769; x_wconf 89' lang='lat' dir='ltr'>indicare</span> 
     </span>
     <span class='ocr_line' id='line_1_10' title="bbox 139 2822 2240 2910; baseline 0 -20"><span class='ocrx_word' id='word_1_102' title='bbox 139 2827 214 2910; x_wconf 91' lang='lat' dir='ltr'>jam</span> <span class='ocrx_word' id='word_1_103' title='bbox 236 2843 303 2890; x_wconf 92' lang='lat' dir='ltr'>non</span> <span class='ocrx_word' id='word_1_104' title='bbox 328 2829 495 2909; x_wconf 89' lang='lat' dir='ltr'>potuerat.</span> <span class='ocrx_word' id='word_1_105' title='bbox 547 2823 637 2903; x_wconf 88' lang='lat' dir='ltr'>Quae</span> <span class='ocrx_word' id='word_1_106' title='bbox 666 2844 739 2889; x_wconf 89' lang='lat' dir='ltr'>eum</span> <span class='ocrx_word' id='word_1_107' title='bbox 765 2825 814 2889; x_wconf 86' lang='lat' dir='ltr'>ita</span> <span class='ocrx_word' id='word_1_108' title='bbox 843 2830 969 2902; x_wconf 89' lang='lat' dir='ltr'>essent,</span> <span class='ocrx_word' id='word_1_109' title='bbox 998 2845 1071 2891; x_wconf 88' lang='lat' dir='ltr'>meo</span> <span class='ocrx_word' id='word_1_110' title='bbox 1097 2824 1179 2891; x_wconf 89' lang='lat' dir='ltr'>mihi</span> <span class='ocrx_word' id='word_1_111' title='bbox 1208 2824 1344 2892; x_wconf 91' lang='lat' dir='ltr'>consilio</span> <span class='ocrx_word' id='word_1_112' title='bbox 1370 2823 1453 2890; x_wconf 91' lang='lat' dir='ltr'>haec</span> <span class='ocrx_word' id='word_1_113' title='bbox 1481 2822 1590 2907; x_wconf 89' lang='lat' dir='ltr'>operis</span> <span class='ocrx_word' id='word_1_114' title='bbox 1616 2843 1694 2908; x_wconf 88' lang='lat' dir='ltr'>pars</span> <span class='ocrx_word' id='word_1_115' title='bbox 1717 2823 1833 2890; x_wconf 89' lang='lat' dir='ltr'>ordine</span> <span class='ocrx_word' id='word_1_116' title='bbox 1859 2823 2040 2907; x_wconf 86' lang='lat' dir='ltr'>digerenda</span> <span class='ocrx_word' id='word_1_117' title='bbox 2061 2829 2147 2902; x_wconf 86' lang='lat' dir='ltr'>erat,</span> <span class='ocrx_word' id='word_1_118' title='bbox 2175 2824 2240 2890; x_wconf 90' lang='lat' dir='ltr'>nisi</span> 
     </span>
     <span class='ocr_line' id='line_1_11' title="bbox 145 2941 2237 3030; baseline -0.001 -19"><span class='ocrx_word' id='word_1_119' title='bbox 145 2945 238 3030; x_wconf 90' lang='lat' dir='ltr'>quod</span> <span class='ocrx_word' id='word_1_120' title='bbox 261 2945 308 3010; x_wconf 85' lang='lat' dir='ltr'>ais</span> <span class='ocrx_word' id='word_1_121' title='bbox 329 2965 381 3010; x_wconf 90' lang='lat' dir='ltr'>me</span> <span class='ocrx_word' id='word_1_122' title='bbox 404 2944 573 3028; x_wconf 90' lang='lat' dir='ltr'>applicare</span> <span class='ocrx_word' id='word_1_123' title='bbox 595 2944 781 3011; x_wconf 90' lang='lat' dir='ltr'>rationibus</span> <span class='ocrx_word' id='word_1_124' title='bbox 804 2944 983 3024; x_wconf 79' lang='lat' dir='ltr'>studerem,</span> <span class='ocrx_word' id='word_1_125' title='bbox 1011 2964 1094 3030; x_wconf 88' lang='lat' dir='ltr'>quas</span> <span class='ocrx_word' id='word_1_126' title='bbox 1117 2943 1195 3011; x_wconf 89' lang='lat' dir='ltr'>olim</span> <span class='ocrx_word' id='word_1_127' title='bbox 1219 2965 1291 3011; x_wconf 93' lang='lat' dir='ltr'>cum</span> <span class='ocrx_word' id='word_1_128' title='bbox 1313 2941 1470 3010; x_wconf 87' lang='lat' dir='ltr'>Pritzelio</span> <span class='ocrx_word' id='word_1_129' title='bbox 1491 2944 1649 3010; x_wconf 89' lang='lat' dir='ltr'>iniissem.</span> <span class='ocrx_word' id='word_1_130' title='bbox 1694 2943 1733 3010; x_wconf 89' lang='lat' dir='ltr'>ld</span> <span class='ocrx_word' id='word_1_131' title='bbox 1755 2965 1833 3010; x_wconf 81' lang='lat' dir='ltr'>vero</span> <span class='ocrx_word' id='word_1_132' title='bbox 1854 2949 1894 3009; x_wconf 89' lang='lat' dir='ltr'>ut</span> <span class='ocrx_word' id='word_1_133' title='bbox 1914 2943 1958 3010; x_wconf 88' lang='lat' dir='ltr'>ad</span> <span class='ocrx_word' id='word_1_134' title='bbox 1980 2944 2079 3010; x_wconf 89' lang='lat' dir='ltr'>finem</span> <span class='ocrx_word' id='word_1_135' title='bbox 2100 2943 2237 3028; x_wconf 88' lang='lat' dir='ltr'>perduci</span> 
     </span>
     <span class='ocr_line' id='line_1_12' title="bbox 146 3063 2236 3151; baseline -0.001 -19"><span class='ocrx_word' id='word_1_136' title='bbox 146 3071 263 3151; x_wconf 89' lang='lat' dir='ltr'>posset</span> <span class='ocrx_word' id='word_1_137' title='bbox 289 3086 351 3148; x_wconf 92' lang='lat' dir='ltr'>per</span> <span class='ocrx_word' id='word_1_138' title='bbox 380 3064 565 3149; x_wconf 89' lang='lat' dir='ltr'>complures</span> <span class='ocrx_word' id='word_1_139' title='bbox 592 3085 696 3130; x_wconf 90' lang='lat' dir='ltr'>annos</span> <span class='ocrx_word' id='word_1_140' title='bbox 725 3069 859 3133; x_wconf 90' lang='lat' dir='ltr'>strenue</span> <span class='ocrx_word' id='word_1_141' title='bbox 887 3063 1126 3132; x_wconf 92' lang='lat' dir='ltr'>elaborandum</span> <span class='ocrx_word' id='word_1_142' title='bbox 1155 3069 1241 3146; x_wconf 84' lang='lat' dir='ltr'>erat,</span> <span class='ocrx_word' id='word_1_143' title='bbox 1272 3065 1395 3150; x_wconf 89' lang='lat' dir='ltr'>quippe</span> <span class='ocrx_word' id='word_1_144' title='bbox 1425 3085 1498 3130; x_wconf 89' lang='lat' dir='ltr'>oum</span> <span class='ocrx_word' id='word_1_145' title='bbox 1528 3064 1725 3149; x_wconf 85' lang='lat' dir='ltr'>scriptorum</span> <span class='ocrx_word' id='word_1_146' title='bbox 1752 3063 2050 3132; x_wconf 88' lang='lat' dir='ltr'>enumerandorum</span> <span class='ocrx_word' id='word_1_147' title='bbox 2076 3064 2236 3130; x_wconf 90' lang='lat' dir='ltr'>immensa</span> 
     </span>
     <span class='ocr_line' id='line_1_13' title="bbox 145 3183 2240 3271; baseline -0 -20"><span class='ocrx_word' id='word_1_148' title='bbox 145 3187 245 3270; x_wconf 86' lang='lat' dir='ltr'>copia</span> <span class='ocrx_word' id='word_1_149' title='bbox 278 3190 374 3252; x_wconf 89' lang='lat' dir='ltr'>esset.</span> <span class='ocrx_word' id='word_1_150' title='bbox 431 3185 503 3265; x_wconf 88' lang='lat' dir='ltr'>Qua</span> <span class='ocrx_word' id='word_1_151' title='bbox 535 3185 570 3250; x_wconf 94' lang='lat' dir='ltr'>in</span> <span class='ocrx_word' id='word_1_152' title='bbox 603 3206 639 3251; x_wconf 89' lang='lat' dir='ltr'>re</span> <span class='ocrx_word' id='word_1_153' title='bbox 671 3205 737 3251; x_wconf 92' lang='lat' dir='ltr'>non</span> <span class='ocrx_word' id='word_1_154' title='bbox 772 3183 843 3252; x_wconf 90' lang='lat' dir='ltr'>sine</span> <span class='ocrx_word' id='word_1_155' title='bbox 877 3189 968 3250; x_wconf 90' lang='lat' dir='ltr'>certa</span> <span class='ocrx_word' id='word_1_156' title='bbox 1001 3184 1130 3252; x_wconf 91' lang='lat' dir='ltr'>ratione</span> <span class='ocrx_word' id='word_1_157' title='bbox 1163 3185 1286 3252; x_wconf 87' lang='lat' dir='ltr'>factum</span> <span class='ocrx_word' id='word_1_158' title='bbox 1320 3190 1384 3264; x_wconf 78' lang='lat' dir='ltr'>est,</span> <span class='ocrx_word' id='word_1_159' title='bbox 1421 3187 1459 3251; x_wconf 91' lang='lat' dir='ltr'>ut</span> <span class='ocrx_word' id='word_1_160' title='bbox 1490 3184 1668 3252; x_wconf 88' lang='lat' dir='ltr'>nonnullos</span> <span class='ocrx_word' id='word_1_161' title='bbox 1703 3184 1807 3252; x_wconf 89' lang='lat' dir='ltr'>libros</span> <span class='ocrx_word' id='word_1_162' title='bbox 1840 3205 1979 3271; x_wconf 89' lang='lat' dir='ltr'>quorum</span> <span class='ocrx_word' id='word_1_163' title='bbox 2013 3185 2121 3251; x_wconf 87' lang='lat' dir='ltr'>minor</span> <span class='ocrx_word' id='word_1_164' title='bbox 2153 3190 2240 3251; x_wconf 90' lang='lat' dir='ltr'>esset</span> 
     </span>
     <span class='ocr_line' id='line_1_14' title="bbox 143 3302 2237 3392; baseline -0 -20"><span class='ocrx_word' id='word_1_165' title='bbox 143 3306 330 3372; x_wconf 87' lang='lat' dir='ltr'>auotoritas</span> <span class='ocrx_word' id='word_1_166' title='bbox 353 3327 392 3372; x_wconf 84' lang='lat' dir='ltr'>ex</span> <span class='ocrx_word' id='word_1_167' title='bbox 418 3305 540 3391; x_wconf 89' lang='lat' dir='ltr'>prioris</span> <span class='ocrx_word' id='word_1_168' title='bbox 561 3303 716 3372; x_wconf 84' lang='lat' dir='ltr'>editionis</span> <span class='ocrx_word' id='word_1_169' title='bbox 745 3309 842 3388; x_wconf 89' lang='lat' dir='ltr'>parte</span> <span class='ocrx_word' id='word_1_170' title='bbox 870 3305 978 3372; x_wconf 88' lang='lat' dir='ltr'>altera</span> <span class='ocrx_word' id='word_1_171' title='bbox 1000 3305 1193 3386; x_wconf 86' lang='lat' dir='ltr'>retinerem,</span> <span class='ocrx_word' id='word_1_172' title='bbox 1224 3327 1307 3390; x_wconf 92' lang='lat' dir='ltr'>quos</span> <span class='ocrx_word' id='word_1_173' title='bbox 1334 3302 1510 3372; x_wconf 82' lang='lat' dir='ltr'>Pritzelius</span> <span class='ocrx_word' id='word_1_174' title='bbox 1530 3326 1591 3389; x_wconf 88' lang='lat' dir='ltr'>per</span> <span class='ocrx_word' id='word_1_175' title='bbox 1612 3305 1752 3372; x_wconf 89' lang='lat' dir='ltr'>alteram</span> <span class='ocrx_word' id='word_1_176' title='bbox 1780 3305 1886 3390; x_wconf 88' lang='lat' dir='ltr'>partis</span> <span class='ocrx_word' id='word_1_177' title='bbox 1912 3305 2036 3392; x_wconf 89' lang='lat' dir='ltr'>prioris</span> <span class='ocrx_word' id='word_1_178' title='bbox 2058 3303 2237 3372; x_wconf 91' lang='lat' dir='ltr'>editionem</span> 
     </span>
     <span class='ocr_line' id='line_1_15' title="bbox 143 3424 2237 3511; baseline -0 -20"><span class='ocrx_word' id='word_1_179' title='bbox 143 3424 262 3491; x_wconf 90' lang='lat' dir='ltr'>sedulo</span> <span class='ocrx_word' id='word_1_180' title='bbox 290 3426 470 3492; x_wconf 88' lang='lat' dir='ltr'>omitteret.</span> <span class='ocrx_word' id='word_1_181' title='bbox 520 3425 615 3492; x_wconf 87' lang='lat' dir='ltr'>Hanc</span> <span class='ocrx_word' id='word_1_182' title='bbox 643 3429 755 3490; x_wconf 90' lang='lat' dir='ltr'>autem</span> <span class='ocrx_word' id='word_1_183' title='bbox 784 3445 870 3510; x_wconf 91' lang='lat' dir='ltr'>quae</span> <span class='ocrx_word' id='word_1_184' title='bbox 897 3425 1015 3491; x_wconf 82' lang='lat' dir='ltr'>evitari</span> <span class='ocrx_word' id='word_1_185' title='bbox 1044 3447 1109 3492; x_wconf 93' lang='lat' dir='ltr'>non</span> <span class='ocrx_word' id='word_1_186' title='bbox 1138 3431 1272 3511; x_wconf 89' lang='lat' dir='ltr'>poterat</span> <span class='ocrx_word' id='word_1_187' title='bbox 1296 3424 1606 3510; x_wconf 88' lang='lat' dir='ltr'>inaequabilitatem</span> <span class='ocrx_word' id='word_1_188' title='bbox 1639 3431 1678 3492; x_wconf 90' lang='lat' dir='ltr'>ut</span> <span class='ocrx_word' id='word_1_189' title='bbox 1709 3427 1807 3511; x_wconf 90' lang='lat' dir='ltr'>aequi</span> <span class='ocrx_word' id='word_1_190' title='bbox 1834 3424 1915 3492; x_wconf 94' lang='lat' dir='ltr'>boni</span> <span class='ocrx_word' id='word_1_191' title='bbox 1946 3425 2071 3492; x_wconf 86' lang='lat' dir='ltr'>faciant</span> <span class='ocrx_word' id='word_1_192' title='bbox 2097 3424 2237 3510; x_wconf 83' lang='lat' dir='ltr'>rogandi</span> 
     </span>
     <span class='ocr_line' id='line_1_16' title="bbox 142 3542 2238 3633; baseline -0 -22"><span class='ocrx_word' id='word_1_193' title='bbox 142 3551 224 3612; x_wconf 89' lang='lat' dir='ltr'>sunt</span> <span class='ocrx_word' id='word_1_194' title='bbox 251 3545 439 3631; x_wconf 88' lang='lat' dir='ltr'>quicunque</span> <span class='ocrx_word' id='word_1_195' title='bbox 468 3543 591 3612; x_wconf 92' lang='lat' dir='ltr'>librum</span> <span class='ocrx_word' id='word_1_196' title='bbox 619 3542 836 3612; x_wconf 90' lang='lat' dir='ltr'>adhibebunt.</span> <span class='ocrx_word' id='word_1_197' title='bbox 888 3545 972 3611; x_wconf 91' lang='lat' dir='ltr'>Nam</span> <span class='ocrx_word' id='word_1_198' title='bbox 1001 3566 1099 3632; x_wconf 89' lang='lat' dir='ltr'>spero</span> <span class='ocrx_word' id='word_1_199' title='bbox 1126 3547 1212 3627; x_wconf 87' lang='lat' dir='ltr'>fore,</span> <span class='ocrx_word' id='word_1_200' title='bbox 1245 3552 1283 3613; x_wconf 92' lang='lat' dir='ltr'>ut</span> <span class='ocrx_word' id='word_1_201' title='bbox 1309 3565 1391 3630; x_wconf 89' lang='lat' dir='ltr'>quas</span> <span class='ocrx_word' id='word_1_202' title='bbox 1418 3545 1548 3612; x_wconf 90' lang='lat' dir='ltr'>institui</span> <span class='ocrx_word' id='word_1_203' title='bbox 1576 3546 1778 3613; x_wconf 89' lang='lat' dir='ltr'>mutationes</span> <span class='ocrx_word' id='word_1_204' title='bbox 1804 3547 2035 3633; x_wconf 84' lang='lat' dir='ltr'>perspicuitati</span> <span class='ocrx_word' id='word_1_205' title='bbox 2057 3547 2238 3613; x_wconf 88' lang='lat' dir='ltr'>inserviant</span> 
     </span>
     <span class='ocr_line' id='line_1_17' title="bbox 141 3663 684 3750; baseline -0.002 -19"><span class='ocrx_word' id='word_1_206' title='bbox 141 3687 307 3750; x_wconf 89' lang='lat' dir='ltr'>usumque</span> <span class='ocrx_word' id='word_1_207' title='bbox 328 3664 512 3732; x_wconf 85' lang='lat' dir='ltr'>faciliorem</span> <span class='ocrx_word' id='word_1_208' title='bbox 533 3663 684 3732; x_wconf 90' lang='lat' dir='ltr'>reddant.</span> 
     </span>
    </p>
   </div>
   <div class='ocr_carea' id='block_1_4' title="bbox 238 3819 1074 3905">
    <p class='ocr_par' dir='ltr' id='par_1_4' title="bbox 238 3819 1074 3905">
     <span class='ocr_line' id='line_1_18' title="bbox 238 3819 1074 3905; baseline 0 -3"><span class='ocrx_word' id='word_1_209' title='bbox 238 3835 367 3904; x_wconf 89' lang='lat' dir='ltr'>Dabam</span> <span class='ocrx_word' id='word_1_210' title='bbox 390 3835 562 3903; x_wconf 85' lang='lat' dir='ltr'>Eldenae</span> <span class='ocrx_word' id='word_1_211' title='bbox 585 3855 627 3901; x_wconf 93' lang='lat' dir='ltr'>m.</span> <span class='ocrx_word' id='word_1_212' title='bbox 650 3833 749 3903; x_wconf 87' lang='lat' dir='ltr'>Mart.</span> <span class='ocrx_word' id='word_1_213' title='bbox 773 3819 1074 3905; x_wconf 77' lang='lat' dir='ltr'>MDCCCLXXVII.</span> 
     </span>
    </p>
   </div>
   <div class='ocr_carea' id='block_1_5' title="bbox 1635 4023 2109 4123">
    <p class='ocr_par' dir='ltr' id='par_1_5' title="bbox 1635 4023 2109 4123">
     <span class='ocr_line' id='line_1_19' title="bbox 1635 4023 2109 4123; baseline -0.004 -3"><span class='ocrx_word' id='word_1_214' title='bbox 1635 4025 1703 4121; x_wconf 83' lang='lat' dir='ltr'>ltr.</span> <span class='ocrx_word' id='word_1_215' title='bbox 1735 4023 1916 4123; x_wconf 79' lang='lat' dir='ltr'>carolus</span> <span class='ocrx_word' id='word_1_216' title='bbox 1946 4028 2109 4123; x_wconf 84' lang='lat' dir='ltr'>tossen.</span> 
     </span>
    </p>
   </div>
   <div class='ocr_carea' id='block_1_6' title="bbox 0 0 2576 6146">
    <p class='ocr_par' dir='ltr' id='par_1_6' title="bbox 0 0 2576 6146">
     <span class='ocr_line' id='line_1_20' title="bbox 0 0 2576 6146; baseline 0 10"><span class='ocrx_word' id='word_1_217' title='bbox 0 0 2576 6146; x_wconf 95' lang='lat' dir='ltr'> </span> 
     </span>
    </p>
   </div>
  </div>
 </body>
</html>
